@inproceedings{podelski2004transition,
  title={Transition invariants},
  author={Podelski, Andreas and Rybalchenko, Andrey},
  booktitle={Proceedings of the 19th Annual IEEE Symposium on Logic in Computer Science, 2004.},
  pages={32--41},
  year={2004},
  organization={IEEE}
}

@inproceedings{cook2005abstraction,
  title={Abstraction refinement for termination},
  author={Cook, Byron and Podelski, Andreas and Rybalchenko, Andrey},
  booktitle={Static Analysis: 12th International Symposium, SAS 2005, London, UK, September 7-9, 2005. Proceedings 12},
  pages={87--101},
  year={2005},
  organization={Springer}
}

@article{cimatti2016infinite,
  title={Infinite-state invariant checking with IC3 and predicate abstraction},
  author={Cimatti, Alessandro and Griggio, Alberto and Mover, Sergio and Tonetta, Stefano},
  journal={Formal Methods in System Design},
  volume={49},
  pages={190--218},
  year={2016},
  publisher={Springer}
}

@inproceedings{daniel2016infinite,
  title={Infinite-state liveness-to-safety via implicit abstraction and well-founded relations},
  author={Daniel, Jakub and Cimatti, Alessandro and Griggio, Alberto and Tonetta, Stefano and Mover, Sergio},
  booktitle={International Conference on Computer Aided Verification},
  pages={271--291},
  year={2016},
  organization={Springer}
}
